<?xml version="1.0" encoding="UTF-8"?><collection xmlns="http://www.loc.gov/MARC21/slim"><record><leader>00539nam--2200205-i-4500</leader><controlfield tag="001">000025630</controlfield><controlfield tag="002">20161230</controlfield><controlfield tag="005">20161230201036</controlfield><controlfield tag="008">060222s1000------------r-----000-0-eng-d</controlfield><datafield ind1=" " ind2=" " tag="020"><subfield code="a">0070273227</subfield></datafield><datafield ind1=" " ind2=" " tag="040"><subfield code="a">IFIN-HH</subfield></datafield><datafield ind1=" " ind2=" " tag="080"><subfield code="a">57.014:54(061.3)</subfield></datafield><datafield ind1="1" ind2=" " tag="100"><subfield code="a">Hayat, M.A</subfield></datafield><datafield ind1="1" ind2="0" tag="245"><subfield code="a">Negative staining</subfield><subfield code="c">M.a. hayat; sara e. miller</subfield></datafield><datafield ind1=" " ind2=" " tag="260"><subfield code="a">New York</subfield><subfield code="b">Mcgraw-hill Publishing Company</subfield><subfield code="c">1990</subfield></datafield><datafield ind1=" " ind2=" " tag="300"><subfield code="a">253P</subfield></datafield><datafield ind1="2" ind2=" " tag="650"><subfield code="a">Negatiive Staining</subfield></datafield><datafield ind1="1" ind2=" " tag="700"><subfield code="a">Miller, Sara E</subfield></datafield><datafield ind1=" " ind2=" " tag="852"><subfield code="a">81234</subfield><subfield code="c">577.1</subfield></datafield><datafield ind1=" " ind2=" " tag="CAT"><subfield code="a">Sys</subfield><subfield code="c">20110411</subfield><subfield code="h">140833</subfield></datafield></record></collection>